@misc{RFunsup,
  title = {Random Forests website},
  author = {Leo Breiman and Adele Cutler},
  howpublished = {\url{https://www.stat.berkeley.edu/~breiman/RandomForests/cc_home.htm#unsup}},
  year = 2003,
  note = {Accessed: 2019-05-24}
}

@ARTICLE{PDP,
    author = {Jerome H. Friedman},
    title = {Greedy Function Approximation: A Gradient Boosting Machine},
    journal = {Annals of Statistics},
    year = {2000},
    volume = {29},
    pages = {1189--1232}
}

@article{ICE,
author = {Alex Goldstein and Adam Kapelner and Justin Bleich and Emil Pitkin},
title = {Peeking Inside the Black Box: Visualizing Statistical Learning With Plots of Individual Conditional Expectation},
journal = {Journal of Computational and Graphical Statistics},
volume = {24},
number = {1},
pages = {44-65},
year  = {2015},
publisher = {Taylor & Francis},
doi = {10.1080/10618600.2014.907095},
URL = { https://doi.org/10.1080/10618600.2014.907095 },
eprint = { https://doi.org/10.1080/10618600.2014.907095 }
}
